
@online{wiki,
    author = "Wikipedia",
    title = "Timing Attack",
    url  = "https://en.wikipedia.org/wiki/Timing_attack#Algorithm",
    addendum = "(accessed: 12.08.2021)",
}

@inproceedings{spectre,
 author = {Paul Kocher and Jann Horn and Anders Fogh and and Daniel Genkin and Daniel Gruss and Werner Haas and Mike Hamburg and Moritz Lipp and Stefan Mangard and Thomas Prescher and Michael Schwarz and Yuval Yarom},
 title = {Spectre Attacks: Exploiting Speculative Execution},
 booktitle = {40th IEEE Symposium on Security and Privacy (S\&P'19)},
 year = {2019},
}

@inproceedings{meltdown,
 author = {Moritz Lipp and Michael Schwarz and Daniel Gruss and Thomas Prescher and Werner Haas and Anders Fogh and Jann Horn and Stefan Mangard and Paul Kocher and Daniel Genkin and Yuval Yarom and Mike Hamburg},
 title = {Meltdown: Reading Kernel Memory from User Space},
 booktitle = {27th {USENIX} Security Symposium ({USENIX} Security 18)},
 year = {2018},
}

@online{pinctf,
url = "https://github.com/ChrisTheCoolHut/PinCTF"
}